@book{janssen,
    author  = "Michael A. Janssen",
    title   = "Atmospheric remote sensing by microwave radiometry",
    year    = "1993",
    publisher = "Wiley und Sons"
}

@article{sideral_day,
    author  = "J. Morrison",
    title   = "The Sidereal Day",
    year    = "1907",
    journal = "Popular Astronomy",
    volume  = "14",
    pages   = "12--22"
}

@techreport{stability,
    author  = "M. Neumann",
    title   = "Computational Physics I",
    institution = "Universität Wien",
    year    = "2014"
}

@techreport{manual,
    author  = "IAP",
    title   = "Microwave Radiometer, Manual",
    institution = "Universität Bern",
    year    = "2020"
}


@Misc{CMB,
    title = {Cosmic Microwave Background},
    note = {viewed on 10.10.2020},
    url = {https://en.wikipedia.org/wiki/Cosmic_microwave_background},
    key = {CMB}
}

@Misc{pattern,
    title = {Antenna Pattern},
    note = {viewed on 10.10.2020},
    url = {http://www.thefouriertransform.com/applications/radiation.php},
    key = {pattern}
}


@Misc{emissivity,
    title = {1.7 Black Body Radiation},
    note = {viewed on 14.10.2020},
    url = {http://sar.kangwon.ac.kr/etc/rs_note/rsnote/cp1/cp1-7.htm},
    key = {emissivity}
}


@Misc{opacity,
    title = {Optical depth (astrophysics)},
    note = {viewed on 14.10.2020},
    url = {https://en.wikipedia.org/wiki/Optical_depth_(astrophysics)},
    key = {opacity}
}

@Misc{transmittance,
    title = {Transmittance},
    note = {viewed on 14.10.2020},
    url = {https://en.wikipedia.org/wiki/Transmittance},
    key = {transmittance}
}